@book{hamilton2020time,
  title={Time series analysis},
  author={Hamilton, James D},
  year={2020},
  publisher={Princeton university press}
}


@article{brandt2001linear,
  title={A linear Poisson autoregressive model: The Poisson AR (p) model},
  author={Brandt, Patrick T and Williams, John T},
  journal={Political Analysis},
  volume={9},
  number={2},
  pages={164--184},
  year={2001},
  publisher={Cambridge University Press}
}