@book{box2015time,
  title={Time series analysis: forecasting and control},
  author={Box, George EP and Jenkins, Gwilym M and Reinsel, Gregory C and Ljung, Greta M},
  year={2015},
  publisher={John Wiley \& Sons}
}

@article{mancuso2021,
title = {A machine learning approach for forecasting hierarchical time series},
journal = {Expert Systems with Applications},
volume = {182},
pages = {115102},
year = {2021},
issn = {0957-4174},
doi = {https://doi.org/10.1016/j.eswa.2021.115102},
url = {https://www.sciencedirect.com/science/article/pii/S0957417421005431},
author = {Paolo Mancuso and Veronica Piccialli and Antonio M. Sudoso},
keywords = {Hierarchical time series, Forecast, Machine learning, Deep neural network}
}

@book{nicholls2012random,
  title={Random Coefficient Autoregressive Models: An Introduction: An Introduction},
  author={Nicholls, Des F and Quinn, Barry G},
  volume={11},
  year={2012},
  publisher={Springer Science \& Business Media}
}
@book{funatogawa2018longitudinal,
  title={Longitudinal data analysis: autoregressive linear mixed effects models},
  author={Funatogawa, Ikuko and Funatogawa, Takashi and others},
  year={2018},
  publisher={Springer}
}

@article{brandt2001linear,
  title={A linear Poisson autoregressive model: The Poisson AR (p) model},
  author={Brandt, Patrick T and Williams, John T},
  journal={Political Analysis},
  volume={9},
  number={2},
  pages={164--184},
  year={2001},
  publisher={Cambridge University Press}
}

@book{hamilton2020time,
  title={Time series analysis},
  author={Hamilton, James D},
  year={2020},
  publisher={Princeton university press}
}